Bibliography: 

@misc{BundesamtFürGesundheit,
    author = "BAG(2020)",
    title = "Neues Coronavirus COVID-19: Erster bestätigter Fall in der Schweiz (25.02.2020)",
    url  = "https://www.bag.admin.ch/bag/de/home/das-bag/aktuell/medienmitteilungen.msg-id-78233.html",
    addendum = "(accessed: 06.12.2020)",
    keywords = "latex,bag,coronaerst"
    }
@misc{JamesChen2019,
    author = "Chen(2019)",
    title = "Blue-Chip Index (21.09.2019)",
    url  = "https://www.investopedia.com/terms/b/blue-chip-index",
    addendum = "(accessed: 06.12.2020)",
    keywords = "latex,chen"
    }
@misc{DieBoerse,
    author = "Boerse(2020)",
    title = "SMI Marktkapitalisierung",
    url  = "https://www.boerse.de/gewichtung/SMI-Aktien/CH0009980894",
    addendum = "(accessed: 06.12.2020)",
    keywords = "latex,boerse,SMI,Marktkap"
    }
@misc{Investopedia(2020),
    author = "Investopedia(2020)",
    title = "Historische Daten SMI(2020)",
    url  = "https://www.investopedia.com/terms/f/freefloatmethodology.asp#:~:text=Key%20Takeaways-,Free%2Dfloat%20methodology%20is%20a%20method%20of%20calculating%20the%20market,readily%20available%20in%20the%20market",
    addendum = "(accessed: 06.12.2020)",
    keywords = "latex,investo, history"
    }
@misc{HandelszeitungUndBilanz,
    author = "Handelszeitung(2020)",
    title = "BAK-Prognose: Corona Pandemie kostete der Schweizer Wirtschaft 76 Milliarden",
    url  = "https://www.handelszeitung.ch/konjunktur/bak-prognose-corona-pandemie-kostet-schweizer-wirtschaft-76-milliarden(05.12.2020)",
    addendum = "(accessed: 06.12.2020)",
    keywords = "latex,handel"
    }
@misc{DOminicBenz,
    author = "Benz(2020),
    title = {Boersen Quartal Gewinner und Verlieren},
    url  = {https://www.handelszeitung.ch/geld/borsen-quartal-das-sind-die-gewinner-und-verlierer},
    addendum = "(accessed: 06.12.2020)",
    keywords = "latex,handelsmiwinners"
    }
@misc{JanaGlose,
    author = "Glose(2019)",
    title = "Warum Nestlé so unbeliebt ist",
    url  = "https://www.handelsblatt.com/unternehmen/handel-konsumgueter/lebensmittelkonzern-warum-nestle-so-unbeliebt-ist/26287122.html?ticket=ST-8560941-IcFuSFCvv3oxoh9mbTwc-ap2(05.10.2019)",
    addendum = "(accessed: 06.12.2020)",
    keywords = "latex,nestle,skandal"
    }
@misc{JamesChen(2020),
    author = "Chen(2020)",
    title = "Free-Float Methodology (18.08.2020)",
    url  = "https://www.investopedia.com/terms/f/freefloatmethodology",
    addendum = "(accessed: 06.12.2020)",
    keywords = "latex,freefloat"
    }
@misc{MichaelRasch,
    author = "Rasch(2019)",
    title = "Der Schweizer Leitindex feiert Jubiläum(21.06.2013)",
    url  = "https://www.nzz.ch/der-smi-als-spiegel-internationaler-krisen-1.18102412",
    addendum = "(accessed: 06.12.2020)",
    keywords = "latex,raschm"
    }
@misc{SIXSwissExchangeAG,
    author = "SIX(2020)",
    title = "SMI® – Der Blue-Chip-Index(2020)",
    url  = "https://www.six-group.com/exchanges/indices/data_centre/shares/smi_de.html",
    addendum = "(accessed: 06.12.2020)",
    keywords = "latex,sixsmi"
    }
@misc{PaulineTuruban(2020),
    author = "Turuban(2020)",
    title = "Rekordhohes Schweizer Hilfspaket für die Wirtschaft (02.05.2020)",
    url  = "https://www.swissinfo.ch/ger/covid-19-krise_rekordhohes-schweizer-hilfspaket-fuer-die-wirtschaft/45751720",
    addendum = "(accessed: 06.12.2020)",
    keywords = "latex,turuban"
    }
@misc{Worldometer(2020),
    author = "Worldometer(2020)",
    title = "Switzerland - Corona",
    url  = "https://www.worldometers.info/coronavirus/country/switzerland/",
    addendum = "(accessed: 06.12.2020)",
    keywords = "latex,worldometer, cases"
    }