@article{abiad2020economic,
  title={The economic impact of the COVID-19 outbreak on developing Asia},
  author={Abiad, Abdul and Arao, Rosa Mia and Dagli, Suzette},
  year={2020},
  publisher={Asian Development Bank}
}




@article{ashraf2020economic,
  title={Economic impact of government interventions during the COVID-19 pandemic: International evidence from financial markets},
  author={Ashraf, Badar Nadeem},
  journal={Journal of behavioral and experimental finance},
  volume={27},
  pages={100371},
  year={2020},
  publisher={Elsevier}
}